<?xml version="1.0" encoding="UTF-8"?><collection xmlns="http://www.loc.gov/MARC21/slim"><record><leader>00643nam--2200205-i-4500</leader><controlfield tag="001">000000938</controlfield><controlfield tag="002">20161230</controlfield><controlfield tag="005">20161230201024</controlfield><controlfield tag="008">060222s1000------------r-----000-0-eng-d</controlfield><datafield ind1=" " ind2=" " tag="020"><subfield code="a">0387966528</subfield></datafield><datafield ind1=" " ind2=" " tag="040"><subfield code="a">IFIN-HH</subfield></datafield><datafield ind1=" " ind2=" " tag="080"><subfield code="a">514.18:515.179</subfield></datafield><datafield ind1="1" ind2=" " tag="100"><subfield code="a">Golubitsky, M</subfield></datafield><datafield ind1="1" ind2="0" tag="245"><subfield code="a">Singularities and groups in bifurcation theory. volule ii with 96 illustrations</subfield><subfield code="c">Martin golubitsky, ian stewart, david g. schaeffer</subfield></datafield><datafield ind1=" " ind2=" " tag="260"><subfield code="a">New York</subfield><subfield code="b">Springer-verlag</subfield><subfield code="c">1988</subfield></datafield><datafield ind1=" " ind2=" " tag="300"><subfield code="a">XVI+533 P</subfield></datafield><datafield ind1=" " ind2=" " tag="490"><subfield code="a">Applied Mathematical Sceinces</subfield><subfield code="v">Volume 69</subfield></datafield><datafield ind1="1" ind2=" " tag="700"><subfield code="a">Scaeffer, David G</subfield></datafield><datafield ind1=" " ind2=" " tag="852"><subfield code="a">78670</subfield><subfield code="c">519.4/5</subfield></datafield><datafield ind1=" " ind2=" " tag="CAT"><subfield code="a">Sys</subfield><subfield code="c">20130816</subfield><subfield code="h">162431</subfield></datafield></record></collection>